% This file was created with JabRef 2.10.
% Encoding: UTF-8
@BOOK{modelling,
  TITLE = {Mathematically Modelling the Electrical Activity of the Heart},
  SUBTITLE = {},
  AUTHOR = {Andrew J Pullan, Leo K Cheng, Martin L Buist},
  YEAR = {2005}, 
  PUBLISHER = {Wiley},
}
@article{paper1,
  author = {Ian LeGrice and Peter Hunter and Alistair Young and Bruce Small},
  year = "2001",
  title = "The architecture of the heart: a data-based model",
  journal = "the royal society",
  volume = "359",
  pages = ""
}

@article{paper2,
  author = {P. M. F. Nielsen and I. J. Le Grice and B. H. Smaill and P. J. Hunter},
  year = "1991",
  title = "Mathematical model of geometry and fibrous structure of the heart",
  journal = "American Journal of Physiology-Heart and Circulatory Physiology",
  volume = "260",
  pages = "H1365-H1378"
}
@article{paper3,
  author = {I. J. Legrice and P. J. Hunter and B. H. Smaill},
  year = "1997",
  title = "Laminar structure of the heart: a mathematical model",
  journal = "American Journal of Physiology-Heart and Circulatory Physiology",
  volume = "272",
  pages = "H2466-H2476"
}
@article{gap_junction,
  author = {Gülistan Meşe and Gabriele Richard and Thomas W. White},
  year = "2007",
  title = "Gap Junctions: Basic Structure and Function",
  journal = "Journal of Investigative Dermatology",
  volume = "127",
  pages = "2516-2524"
}
@BOOK{cell,
  TITLE = {Essentials of Cell Biology},
  SUBTITLE = {},
  AUTHOR = {Clare O'Connor, Jill U. Adams, Jennifer E. Fairman},
  YEAR = {2014}, 
  PUBLISHER = {Scitable},
}
@article{action_potential,
  author = {Hue-Teh Shih},
  year = "1994",
  title = "Anatomy of the Action Potential in the Heart",
  journal = "Texas Heart Institute Journal",
  volume = "21(1)",
  pages = "30-41"
}
@misc{exfile,
  title = {The EX File Format},
  howpublished = {\url{http://opencmiss.org/documentation/data_format/ex_file_format.html}},
  note = {Accessed: 2018-07-22}
}
@misc{opencmiss-zinc-getting-started,
  title = {OpenCMISS - Getting Started},
  howpublished = {\url{http://opencmiss.org/documentation/getting_started_oclibs.html}},
  note = {Accessed: 2018-07-22}
}
@misc{opencmiss-zinc-api,
  title = {OpenCMISS-Zinc C++ API Documentation},
  howpublished = {\url{http://opencmiss.org/documentation/apidoc/zinc/latest/index.html}},
  note = {Accessed: 2018-07-22}
}
@comment{jabref-meta: databaseType:bibtex;}

